@misc{WongSpotifyRightChord,
    author =  {Jonathan Wong},
    title = {Algorithmic Symphonies: How Spotify Strikes the Right Chord},
    url = {https://illumin.usc.edu/algorithmic-symphonies-how-spotify-strikes-the-right-chord/#:~:text=This%20article%20explores%20Spotify's%20recommendation,hybrid%20recommendation%2C%20and%20feedback%20loops.},
    year = {2024},
    note = {accessed 2025-3-8}
}

@article{MadathilSpotifyCF,
    title = {Music Recommendation System Spotify - Collaborative Filtering},
    author = {Mithun Madathil},
    journal = {Reports in Computer Music. Aachen University, Germany},
    year = {2017},
}

@inproceedings{MehrotraAlgorithmicBalance,
    author = {Rishabh Mehrotra},
    title = {Algorithmic Balancing of Familiarity, Similarity, \& Discovery in Music Recommendations},
    booktitle = {Proceedings of the 30th ACM International Conference on Information \& Knowledge Management},
    pages = {3996–4005},
    year = {2021},
    address = {New York, NY, USA}
}

@inproceedings{HerlockerExplainingCF,
    author = {Jonathan L. Herlocker and Joseph A. Konstan and John Riedl},
    title = {Explaining collaborative filtering recommendations},
    booktitle = {Proceedings of the 2000 ACM Conference on Computer Supported Cooperative Work},
    pages = {241–250},
    year = {2000},
    address = {Philadelphia, Pennsylvania, USA}
}

@inproceedings{SarwarItemCF,
    author = {Badrul Sarwar and George Karypis and Joseph Konstan and John Riedl},
    title = {Item-based collaborative filtering recommendation algorithms},
    booktitle = {Proceedings of the 10th International Conference on World Wide Web},
    pages = {285–295},
    year = {2001},
    address = {Hong Kong, Hong Kong}
}

@article{SonContentFiltering,
    title = {Content-based filtering for recommendation systems using multiattribute networks},
    author = {Jieun Son and Seoung Bum Kim},
    journal = {Expert Systems with Applications},
    volume = {89},
    year = {2017},
}

@inproceedings{BasilicoCFContent,
    author = {Justin Basilico and Thomas Hoffman},
    title = {Unifying collaborative and content-based filtering},
    booktitle = {Proceedings of the Twenty-First International Conference on Machine Learning},
    year = {2004},
    address = {Banff, Alberta, Canada}
}

@inproceedings{WangUserItemCF,
    author = {Jun Wang and Arjen P. de Vries and Marcel J. T. Reinders},
    title = {Unifying user-based and item-based collaborative filtering approaches by similarity fusion},
    booktitle = {Proceedings of the 29th Annual International ACM SIGIR Conference on Research and Development in Information Retrieval},
    pages = {501–508},
    year = {2006},
    address = {New York, NY, USA}
}

@misc{NaumovDLModel,
      title={Deep Learning Recommendation Model for Personalization and Recommendation Systems}, 
      author={Maxim Naumov and Dheevatsa Mudigere and Hao-Jun Michael Shi and Jianyu Huang and Narayanan Sundaraman and Jongsoo Park and Xiaodong Wang and Udit Gupta and Carole-Jean Wu and Alisson G. Azzolini and Dmytro Dzhulgakov and Andrey Mallevich and Ilia Cherniavskii and Yinghai Lu and Raghuraman Krishnamoorthi and Ansha Yu and Volodymyr Kondratenko and Stephanie Pereira and Xianjie Chen and Wenlin Chen and Vijay Rao and Bill Jia and Liang Xiong and Misha Smelyanskiy},
      year={2019},
      url={https://arxiv.org/abs/1906.00091}
}

@article{MuDLMovieRec,
  author = {Yongheng Mu and Yun Wu},
  title = {Multimodal Movie Recommendation System Using Deep Learning},
  journal = {Mathematics},
  year = {2023},
  volume = {11}
}

@inproceedings{HeNeuralCF,
    author = {Xiangnan He and Lizi Liaou and Hanwang Zhang and Liqiang Nie and Xia Hu and Tat-Seng Chua},
    title = {Neural Collaborative Filtering},
    booktitle = {Proceedings of the 26th International Conference on World Wide Web},
    pages = {173–182},
    year = {2017},
    address = {Perth, Australia}
}

@inproceedings{MnihMF,
    author = {Andriy Mnih and Russ R Salakhutdinov},
    title = {Probabilistic Matrix Factorization},
    booktitle = {Proceedings of the 21st International Conference on Neural Information Processing Systems},
    pages = {1257–1264},
    year = {2007},
    address = {Red Hook, NY, USA}
}

@article{SamiDL,
    author    = {Ameny Sami and Waleed El Adrousy and Shahenda Sarhan and Samir Elmougy },
    title     = {A deep learning based hybrid recommendation model for internet users},
    journal   = {Scientific Reports},
    volume    = {14},
    year      = {2024}
}

@inproceedings{FerraroGenderImbalance,
    author = {Andres Ferraro and Michael D. Ekstrand and Christine Bauer},
    title = {It's Not You, It's Me: The Impact of Choice Models and Ranking Strategies on Gender Imbalance in Music Recommendation},
    booktitle = {Proceedings of the 18th ACM Conference on Recommender Systems},
    pages = {884–889},
    year = {2024},
    address = {Bari, Italy}
}

@inproceedings{AndersonDiversity,
    author = {Ashton Anderson and Lucas Maystre and Ian Anderson and Rishabh Mehrotra and Mounia Lalmas},
    title = {Algorithmic Effects on the Diversity of Consumption on Spotify},
    booktitle = {Proceedings of The Web Conference 2020},
    pages = {2155–2165},
    year = {2020},
    address = {New York, NY, USA}
}

@article{Netflix,
    author = {Harold Steck and Linas Baltrunas and Ehtsham Elahi and Dawen Liang and Yves Raimond and Justin Basilico},
    title = {Deep Learning for Recommender Systems: A Netflix Case Study},
    journal = {AI Magazine},
    volume = {42},
    year = {2021}
}

@article{TFIDF,
    author = {Ramos, Juan},
    year = {2003},
    title = {Using TF-IDF to determine word relevance in document queries}
}

@inproceedings{Cosine,
  author={Lahitani, Alfirna Rizqi and Permanasari, Adhistya Erna and Setiawan, Noor Akhmad},
  booktitle={2016 4th International Conference on Cyber and IT Service Management}, 
  title={Cosine similarity to determine similarity measure: Study case in online essay assessment}, 
  year={2016},
  pages={1-6},
}

@article{MohammadFB,
      title={Filter Bubbles in Recommender Systems: Fact or Fallacy -- A Systematic Review}, 
      author={Qazi Mohammad Areeb and Mohammad Nadeem and Shahab Saquib Sohail and Raza Imam and Faiyaz Doctor and Yassine Himeur and Amir Hussain and Abbes Amira},
      year={2023},
      journal = {Wiley Interdisciplinary Reviews: Data Mining and Knowledge Discovery},
      volume = {13}
    
}

@article{KidwaiFB,
    author = {Umar Tahir Kidwai and Nadeem Akhtar and Mohammad Nadeem and Roobaea Salim  Alroobaea},
    title ={Mitigating filter bubbles: Diverse and explainable recommender systems},
    journal = {Journal of Intelligent \& Fuzzy Systems},
    year = {2024},
}

@inproceedings{FerraroGenderImbalance,
    author = {Andres Ferraro and Michael D. Ekstrand and Christine Bauer},
    title = {It's Not You, It's Me: The Impact of Choice Models and Ranking Strategies on Gender Imbalance in Music Recommendation},
    booktitle = {Proceedings of the 18th ACM Conference on Recommender Systems},
    pages = {884–889},
    year = {2024},
    address = {Bari, Italy}
}

@inproceedings{AndersonDiversity,
    author = {Ashton Anderson and Lucas Maystre and Ian Anderson and Rishabh Mehrotra and Mounia Lalmas},
    title = {Algorithmic Effects on the Diversity of Consumption on Spotify},
    booktitle = {Proceedings of The Web Conference 2020},
    pages = {2155–2165},
    year = {2020},
    address = {New York, NY, USA}
}

@article{BornCurationCulture,
    author = {Georgina Born and Jeremy Morris and Fernando Diaz and Ashton Anderson},
    title = {Artificial Intelligence, Music Recommendation, and the Curation of Culture},
    journal = {Attribution 4.0 International},
    year = {2021}
}

@misc{HarrisEthics,
    author =  {Jonathan Wong},
    title = {Ethical Challenges of Recommender Systems},
    url = {https://medium.com/data-science/ethical-problems-with-recommender-systeems-398198b5a4d2},
    year = {2021},
    note = {accessed 2025-5-9}
}

@article{AguilarGender,
    author = {Luis Aguilar and Joel Waldfogel and Sarah Waldfogel},
    title = {Playlisting Favorites: Is Spotify GenderBiased?},
    journal = {JRC Technical Reports},
    year = {2018}
}

